<record><leader>00000cas a22000007a 4500</leader><controlfield tag="001">26472095</controlfield><controlfield tag="008">920824d19371952mouwr ne      0    0eng d</controlfield><datafield ind1=" " ind2=" " tag="010"><subfield code="a">sn 92058907 </subfield></datafield><datafield ind1=" " ind2=" " tag="040"><subfield code="a">MQN</subfield><subfield code="b">eng</subfield><subfield code="c">MQN</subfield><subfield code="d">OCLCQ</subfield><subfield code="d">MXM</subfield><subfield code="d">OCLCQ</subfield><subfield code="d">OCLCF</subfield></datafield><datafield ind1="1" ind2=" " tag="029"><subfield code="a">AU@</subfield><subfield code="b">000020718038</subfield></datafield><datafield ind1=" " ind2=" " tag="042"><subfield code="a">msc</subfield></datafield><datafield ind1=" " ind2=" " tag="043"><subfield code="a">n-us-mo</subfield></datafield><datafield ind1="0" ind2="0" tag="245"><subfield code="a">Atchison County independent.</subfield></datafield><datafield ind1=" " ind2=" " tag="260"><subfield code="a">Watson, Atchison County, Mo. :</subfield><subfield code="b">Watson Pub. Co.,</subfield><subfield code="c">1937-1952.</subfield></datafield><datafield ind1=" " ind2=" " tag="300"><subfield code="a">v.</subfield></datafield><datafield ind1=" " ind2=" " tag="310"><subfield code="a">Weekly</subfield></datafield><datafield ind1="0" ind2=" " tag="362"><subfield code="a">Vol. 1, no. 1 (Oct. 8, 1937)-v. 15, no. 41 (June 24, 1952).</subfield></datafield><datafield ind1=" " ind2=" " tag="500"><subfield code="a">Publication moved to Rockport, Mo., July 6, 1951.</subfield></datafield><datafield ind1=" " ind2="0" tag="651"><subfield code="a">Atchison County (Mo.)</subfield><subfield code="v">Newspapers.</subfield></datafield><datafield ind1=" " ind2="7" tag="655"><subfield code="a">Newspapers.</subfield><subfield code="2">fast</subfield><subfield code="0">(OCoLC)fst01423814</subfield></datafield><datafield ind1=" " ind2="7" tag="651"><subfield code="a">Missouri</subfield><subfield code="z">Atchison County.</subfield><subfield code="2">fast</subfield><subfield code="0">(OCoLC)fst01213991</subfield></datafield><datafield ind1=" " ind2=" " tag="752"><subfield code="a">United States</subfield><subfield code="b">Missouri</subfield><subfield code="c">Atchison</subfield><subfield code="d">Rockport.</subfield></datafield><datafield ind1=" " ind2=" " tag="752"><subfield code="a">United States</subfield><subfield code="b">Missouri</subfield><subfield code="c">Atchison</subfield><subfield code="d">Watson.</subfield></datafield><datafield ind1="0" ind2="4" tag="785"><subfield code="t">Atchison County mail</subfield><subfield code="w">(DLC)sn 86063664</subfield></datafield></record>